@article{DBLP:journals/corr/MikolovSCCD13,
  author    = {Tomas Mikolov and
               Ilya Sutskever and
               Kai Chen and
               Greg Corrado and
               Jeffrey Dean},
  title     = {Distributed Representations of Words and Phrases and their Compositionality},
  journal   = {CoRR},
  volume    = {abs/1310.4546},
  year      = {2013},
  url       = {http://arxiv.org/abs/1310.4546},
  archivePrefix = {arXiv},
  eprint    = {1310.4546},
  timestamp = {Mon, 13 Aug 2018 16:47:09 +0200},
  biburl    = {https://dblp.org/rec/bib/journals/corr/MikolovSCCD13},
  bibsource = {dblp computer science bibliography, https://dblp.org}
}

@inproceedings{pennington-etal-2014-glove,
    title = "{G}love: Global Vectors for Word Representation",
    author = "Pennington, Jeffrey  and
      Socher, Richard  and
      Manning, Christopher",
    booktitle = "Proceedings of the 2014 Conference on Empirical Methods in Natural Language Processing ({EMNLP})",
    month = oct,
    year = "2014",
    address = "Doha, Qatar",
    publisher = "Association for Computational Linguistics",
    url = "https://www.aclweb.org/anthology/D14-1162",
    doi = "10.3115/v1/D14-1162",
    pages = "1532--1543",
}

@article{DBLP:journals/corr/Fu,
  author    = {Yanwei Fu and
               Tao Xiang and
               Yu{-}Gang Jiang and
               Xiangyang Xue and
               Leonid Sigal and
               Shaogang Gong},
  title     = {Recent Advances in Zero-shot Recognition},
  journal   = {CoRR},
  volume    = {abs/1710.04837},
  year      = {2017},
  url       = {http://arxiv.org/abs/1710.04837},
  archivePrefix = {arXiv},
  eprint    = {1710.04837},
  timestamp = {Mon, 13 Aug 2018 16:47:17 +0200},
  biburl    = {https://dblp.org/rec/bib/journals/corr/abs-1710-04837},
  bibsource = {dblp computer science bibliography, https://dblp.org}
}

@article{DBLP:journals/corr/geng2018,
  author    = {Chuanxing Geng and
               Sheng{-}Jun Huang and
               Songcan Chen},
  title     = {Recent Advances in Open Set Recognition: {A} Survey},
  journal   = {CoRR},
  volume    = {abs/1811.08581},
  year      = {2018},
  url       = {http://arxiv.org/abs/1811.08581},
  archivePrefix = {arXiv},
  eprint    = {1811.08581},
  timestamp = {Mon, 26 Nov 2018 12:52:45 +0100},
  biburl    = {https://dblp.org/rec/bib/journals/corr/abs-1811-08581},
  bibsource = {dblp computer science bibliography, https://dblp.org}
}

@article{DBLP:journals/corr/boney2017,
  author    = {Rinu Boney and
               Alexander Ilin},
  title     = {Semi-Supervised Few-Shot Learning with Prototypical Networks},
  journal   = {CoRR},
  volume    = {abs/1711.10856},
  year      = {2017},
  url       = {http://arxiv.org/abs/1711.10856},
  archivePrefix = {arXiv},
  eprint    = {1711.10856},
  timestamp = {Mon, 13 Aug 2018 16:46:28 +0200},
  biburl    = {https://dblp.org/rec/bib/journals/corr/abs-1711-10856},
  bibsource = {dblp computer science bibliography, https://dblp.org}
}